<?xml version="1.0" encoding="UTF-8"?><record xmlns="http://www.loc.gov/MARC21/slim" xmlns:cinclude="http://apache.org/cocoon/include/1.0" xmlns:zs="http://www.loc.gov/zing/srw/">
  <leader>00729cz  a2200181n  4500</leader>
  <controlfield tag="001">n  88637251 </controlfield>
  <controlfield tag="003">DLC</controlfield>
  <controlfield tag="005">20080308080018.0</controlfield>
  <controlfield tag="008">880518n| acannaabn          |a ana      </controlfield>
  <datafield tag="010" ind1=" " ind2=" ">
    <subfield code="a">n  88637251 </subfield>
  </datafield>
  <datafield tag="035" ind1=" " ind2=" ">
    <subfield code="a">(OCoLC)oca02281162</subfield>
  </datafield>
  <datafield tag="040" ind1=" " ind2=" ">
    <subfield code="a">DLC</subfield>
    <subfield code="b">eng</subfield>
    <subfield code="c">DLC</subfield>
    <subfield code="d">DLC</subfield>
    <subfield code="d">OCoLC</subfield>
  </datafield>
  <datafield tag="110" ind1="2" ind2=" ">
    <subfield code="a">Schweizerisches Olympisches Comité</subfield>
  </datafield>
  <datafield tag="410" ind1="2" ind2=" ">
    <subfield code="a">Comité olympique suisse</subfield>
  </datafield>
  <datafield tag="410" ind1="2" ind2=" ">
    <subfield code="w">nna</subfield>
    <subfield code="a">Schweizerisches Olympisches Komité</subfield>
  </datafield>
  <datafield tag="670" ind1=" " ind2=" ">
    <subfield code="a">Messerli, F.-M. 50 ans Comité olympique suisse, 1912-1962, 1962.</subfield>
  </datafield>
  <datafield tag="670" ind1=" " ind2=" ">
    <subfield code="a">Publicus, 1987/88:</subfield>
    <subfield code="b">p. 540 (Schweizerisches Olympisches Comité; Comité olympique suisse)</subfield>
  </datafield>
  <datafield tag="670" ind1=" " ind2=" ">
    <subfield code="a">LC data base, 5-18-88</subfield>
    <subfield code="b">(hdg.: Schweizerisches Olympisches Komité; usage: Schweizerisches Olympisches Comité)</subfield>
  </datafield>
</record>